@book{salomon2010handbook,
  author    = {David Salomon and Giovanni Motta},
  title     = {Handbook of Data Compression},
  edition   = {5th},
  year      = {2010},
  publisher = {Springer},
  isbn      = {978-1-84882-902-2},
  doi       = {10.1007/978-1-84882-903-9}
}
@online{GeeksforGeeks_Huffman,
  author    = {GeeksforGeeks},
  title     = {Huffman Coding | Greedy Algorithm},
  year      = {2024},
  url       = {https://www.geeksforgeeks.org/huffman-coding-greedy-algo-3/},
  note      = {Accessed: 2025-03-19}
}
@misc{WikipediaEntropy,
  author    = "{Wikipedia contributors}",
  title     = "Entropy (information theory) --- {Wikipedia}, The Free Encyclopedia",
  year      = "2025",
  url       = "https://en.wikipedia.org/wiki/Entropy_(information_theory)#Definition",
  note      = "Accessed: 2025-03-29"
}
@misc{ShorHuffman,
  author    = "Peter Shor",
  title     = "Huffman Coding",
  year      = "n.d.",
  url       = "https://math.mit.edu/~shor/18.310/huffman.pdf",
  note      = "Accessed: 2025-03-29"
}
@misc{wikipedia_information_content,
  author    = "{Wikipedia contributors}",
  title     = "Information content --- {Wikipedia}{,} The Free Encyclopedia",
  year      = "2025",
  url       = "https://en.wikipedia.org/wiki/Information_content",
  note      = "Accessed: 2025-03-29"
}
@article{golomb1966run,
  title={Run-length encodings (corresp.)},
  author={Golomb, Solomon},
  journal={IEEE transactions on information theory},
  volume={12},
  number={3},
  pages={399--401},
  year={1966},
  publisher={Citeseer}
}
@article{rissanen1979arithmetic,
  title={Arithmetic coding},
  author={Rissanen, Jorma and Langdon, Glen G},
  journal={IBM Journal of research and development},
  volume={23},
  number={2},
  pages={149--162},
  year={1979},
  publisher={IBM}
}
@article{ziv1978compression,
  title={Compression of individual sequences via variable-rate coding},
  author={Ziv, Jacob and Lempel, Abraham},
  journal={IEEE transactions on Information Theory},
  volume={24},
  number={5},
  pages={530--536},
  year={1978},
  publisher={IEEE}
}
@inproceedings{manzini1999burrows,
  title={The Burrows-Wheeler Transform: Theory and Practice: Invited Lecture},
  author={Manzini, Giovanni},
  booktitle={International Symposium on Mathematical Foundations of Computer Science},
  pages={34--47},
  year={1999},
  organization={Springer}
}